@ARTICLE{Sesana,
   author = {{Sesana}, A.},
    title = "{Systematic investigation of the expected gravitational wave signal from supermassive black hole binaries in the pulsar timing band}",
  journal = {ArXiv e-prints},
archivePrefix = "arXiv",
   eprint = {1211.5375},
 primaryClass = "astro-ph.CO",
 keywords = {Astrophysics - Cosmology and Extragalactic Astrophysics, General Relativity and Quantum Cosmology},
     year = 2012,
    month = nov,
   adsurl = {http://adsabs.harvard.edu/abs/2012arXiv1211.5375S},
  adsnote = {Provided by the SAO/NASA Astrophysics Data System}
}
@ARTICLE{SesanaVecchioColancino,
   author = {{Sesana}, A. and {Vecchio}, A. and {Colacino}, C.~N.},
    title = "{The stochastic gravitational-wave background from massive black hole binary systems: implications for observations with Pulsar Timing Arrays}",
  journal = {mn},
archivePrefix = "arXiv",
   eprint = {0804.4476},
 keywords = {black hole physics , gravitational waves , pulsars: general , cosmology: theory},
     year = 2008,
    month = oct,
   volume = 390,
    pages = {192-209},
      doi = {10.1111/j.1365-2966.2008.13682.x},
   adsurl = {http://adsabs.harvard.edu/abs/2008MNRAS.390..192S},
  adsnote = {Provided by the SAO/NASA Astrophysics Data System}
}
%EPTA limit
@ARTICLE{Haasteren,
   author = {{van Haasteren}, R. and {Levin}, Y. and {Janssen}, G.~H. and 
	{Lazaridis}, K. and {Kramer}, M. and {Stappers}, B.~W. and {Desvignes}, G. and 
	{Purver}, M.~B. and {Lyne}, A.~G. and {Ferdman}, R.~D. and {Jessner}, A. and 
	{Cognard}, I. and {Theureau}, G. and {D'Amico}, N. and {Possenti}, A. and 
	{Burgay}, M. and {Corongiu}, A. and {Hessels}, J.~W.~T. and 
	{Smits}, R. and {Verbiest}, J.~P.~W.},
    title = "{Placing limits on the stochastic gravitational-wave background using European Pulsar Timing Array data}",
  journal = {mn},
archivePrefix = "arXiv",
   eprint = {1103.0576},
 primaryClass = "astro-ph.CO",
 keywords = {gravitational waves, methods: data analysis, pulsars: general},
     year = 2011,
    month = jul,
   volume = 414,
    pages = {3117-3128},
      doi = {10.1111/j.1365-2966.2011.18613.x},
   adsurl = {http://adsabs.harvard.edu/abs/2011MNRAS.414.3117V},
  adsnote = {Provided by the SAO/NASA Astrophysics Data System}
}
%Jenet
@ARTICLE{Jenet,
   author = {{Jenet}, F.~A. and {Hobbs}, G.~B. and {van Straten}, W. and 
	{Manchester}, R.~N. and {Bailes}, M. and {Verbiest}, J.~P.~W. and 
	{Edwards}, R.~T. and {Hotan}, A.~W. and {Sarkissian}, J.~M. and 
	{Ord}, S.~M.},
    title = "{Upper Bounds on the Low-Frequency Stochastic Gravitational Wave Background from Pulsar Timing Observations: Current Limits and Future Prospects}",
  journal = {apj},
   eprint = {arXiv:astro-ph/0609013},
 keywords = {Gravitational Waves, Stars: Pulsars: General},
     year = 2006,
    month = dec,
   volume = 653,
    pages = {1571-1576},
      doi = {10.1086/508702},
   adsurl = {http://adsabs.harvard.edu/abs/2006ApJ...653.1571J},
  adsnote = {Provided by the SAO/NASA Astrophysics Data System}
}
%IPTA mock data challenge
@ARTICLE{2013arXiv1301.6673V,
   author = {{van Haasteren}, R. and {Mingarelli}, C.~M.~F. and {Vecchio}, A. and 
	{Lassus}, A.},
    title = "{Analysis of the first IPTA Mock Data Challenge by the EPTA timing data analysis working group}",
  journal = {ArXiv e-prints},
archivePrefix = "arXiv",
   eprint = {1301.6673},
 primaryClass = "astro-ph.IM",
 keywords = {Astrophysics - Instrumentation and Methods for Astrophysics},
     year = 2013,
    month = jan,
   adsurl = {http://adsabs.harvard.edu/abs/2013arXiv1301.6673V},
  adsnote = {Provided by the SAO/NASA Astrophysics Data System}
}
%PPTA
@ARTICLE{PPTA,
   author = {{Hobbs}, G.},
    title = "{Pulsars and Gravitational Wave Detection}",
  journal = {pasa},
   eprint = {arXiv:astro-ph/0412153},
 keywords = {pulsars: general, gravitational waves},
     year = 2005,
   volume = 22,
    pages = {179-183},
      doi = {10.1071/AS04063},
   adsurl = {http://adsabs.harvard.edu/abs/2005PASA...22..179H},
  adsnote = {Provided by the SAO/NASA Astrophysics Data System}
}
%NANOgrav
@ARTICLE{NANOgrav,
   author = {{Demorest}, P.~B. and {Ferdman}, R.~D. and {Gonzalez}, M.~E. and 
	{Nice}, D. and {Ransom}, S. and {Stairs}, I.~H. and {Arzoumanian}, Z. and 
	{Brazier}, A. and {Burke-Spolaor}, S. and {Chamberlin}, S.~J. and 
	{Cordes}, J.~M. and {Ellis}, J. and {Finn}, L.~S. and {Freire}, P. and 
	{Giampanis}, S. and {Jenet}, F. and {Kaspi}, V.~M. and {Lazio}, J. and 
	{Lommen}, A.~N. and {McLaughlin}, M. and {Palliyaguru}, N. and 
	{Perrodin}, D. and {Shannon}, R.~M. and {Siemens}, X. and {Stinebring}, D. and 
	{Swiggum}, J. and {Zhu}, W.~W.},
    title = "{Limits on the Stochastic Gravitational Wave Background from the North American Nanohertz Observatory for Gravitational Waves}",
  journal = {apj},
archivePrefix = "arXiv",
   eprint = {1201.6641},
 primaryClass = "astro-ph.CO",
 keywords = {gravitational waves, methods: data analysis, pulsars: general, pulsars: individual: J0030+0451 J0613-0200 J1012+5307 J1455-3330 J1600-3053 J1640+2224 J1643-1224 J1713+0747 J1744-1134 J1853+1308 B1855+09 J1909-3744 J1910+1256 J1918-0642 B1953+29 J2145-0750 J2317+1439},
     year = 2013,
    month = jan,
   volume = 762,
      eid = {94},
    pages = {94},
      doi = {10.1088/0004-637X/762/2/94},
   adsurl = {http://adsabs.harvard.edu/abs/2013ApJ...762...94D},
  adsnote = {Provided by the SAO/NASA Astrophysics Data System}
}
%Famous paper on pulsar timing arrays
@ARTICLE{HellingsDowns,
   author = {{Hellings}, R.~W. and {Downs}, G.~S.},
    title = "{Upper limits on the isotropic gravitational radiation background from pulsar timing analysis}",
  journal = {apjl},
 keywords = {BACKGROUND RADIATION, COSMOLOGY, GRAVITATIONAL WAVES, PULSARS, TIME MEASUREMENT, DOPPLER EFFECT, GRAVITATION THEORY, GRAVITATIONAL WAVE ANTENNAS, ISOTROPY, LIMITS (MATHEMATICS), PERTURBATION THEORY, POWER SPECTRA, SPECTRAL ENERGY DISTRIBUTION, STOCHASTIC PROCESSES},
     year = 1983,
    month = feb,
   volume = 265,
    pages = {L39-L42},
      doi = {10.1086/183954},
   adsurl = {http://adsabs.harvard.edu/abs/1983ApJ...265L..39H},
  adsnote = {Provided by the SAO/NASA Astrophysics Data System}
}
% optimistic limit of stochastic background
@ARTICLE{imminentdetectionofgravitationalwaves,
   author = {{McWilliams}, S.~T. and {Ostriker}, J.~P. and {Pretorius}, F.
	},
    title = "{The imminent detection of gravitational waves from massive black-hole binaries with pulsar timing arrays}",
  journal = {ArXiv e-prints},
archivePrefix = "arXiv",
   eprint = {1211.4590},
 primaryClass = "astro-ph.CO",
 keywords = {Astrophysics - Cosmology and Extragalactic Astrophysics, General Relativity and Quantum Cosmology},
     year = 2012,
    month = nov,
   adsurl = {http://adsabs.harvard.edu/abs/2012arXiv1211.4590M},
  adsnote = {Provided by the SAO/NASA Astrophysics Data System}
}
%better version of same thing
@ARTICLE{NONimminentdetectionofgravitationalwaves,
   author = {{Sesana}, A.},
    title = "{Systematic investigation of the expected gravitational wave signal from supermassive black hole binaries in the pulsar timing band}",
  journal = {ArXiv e-prints},
archivePrefix = "arXiv",
   eprint = {1211.5375},
 primaryClass = "astro-ph.CO",
 keywords = {Astrophysics - Cosmology and Extragalactic Astrophysics, General Relativity and Quantum Cosmology},
     year = 2012,
    month = nov,
   adsurl = {http://adsabs.harvard.edu/abs/2012arXiv1211.5375S},
  adsnote = {Provided by the SAO/NASA Astrophysics Data System}
}























@ARTICLE{BarackCutler,
   author = {{Barack}, L. and {Cutler}, C.},
    title = "{LISA capture sources: Approximate waveforms, signal-to-noise ratios, and parameter estimation accuracy}",
  journal = {prd},
   eprint = {arXiv:gr-qc/0310125},
 keywords = {Gravitational wave detectors and experiments, Post-Newtonian approximation; perturbation theory; related approximations, Wave generation and sources, Experimental tests of gravitational theories},
     year = 2004,
    month = apr,
   volume = 69,
   number = 8,
      eid = {082005},
    pages = {082005},
      doi = {10.1103/PhysRevD.69.082005},
   adsurl = {http://adsabs.harvard.edu/abs/2004PhRvD..69h2005B},
  adsnote = {Provided by the SAO/NASA Astrophysics Data System}
}
@ARTICLE{DoingScienceWitheLISA,
   author = {{Amaro-Seoane}, P. and {Aoudia}, S. and {Babak}, S. and {Bin{\'e}truy}, P. and 
	{Berti}, E. and {Boh{\'e}}, A. and {Caprini}, C. and {Colpi}, M. and 
	{Cornish}, N.~J. and {Danzmann}, K. and {Dufaux}, J.-F. and 
	{Gair}, J. and {Jennrich}, O. and {Jetzer}, P. and {Klein}, A. and 
	{Lang}, R.~N. and {Lobo}, A. and {Littenberg}, T. and {McWilliams}, S.~T. and 
	{Nelemans}, G. and {Petiteau}, A. and {Porter}, E.~K. and {Schutz}, B.~F. and 
	{Sesana}, A. and {Stebbins}, R. and {Sumner}, T. and {Vallisneri}, M. and 
	{Vitale}, S. and {Volonteri}, M. and {Ward}, H.},
    title = "{eLISA: Astrophysics and cosmology in the millihertz regime}",
  journal = {ArXiv e-prints},
archivePrefix = "arXiv",
   eprint = {1201.3621},
 primaryClass = "astro-ph.CO",
 keywords = {Astrophysics - Cosmology and Extragalactic Astrophysics, Astrophysics - Galaxy Astrophysics, General Relativity and Quantum Cosmology},
     year = 2012,
    month = jan,
   adsurl = {http://adsabs.harvard.edu/abs/2012arXiv1201.3621A},
  adsnote = {Provided by the SAO/NASA Astrophysics Data System}
}
%John's Living review
@ARTICLE{JohnsLivingReview,
   author = {{Gair}, J.~R. and {Vallisneri}, M. and {Larson}, S.~L. and {Baker}, J.~G.
	},
    title = "{Testing General Relativity with Low-Frequency, Space-Based Gravitational-Wave Detectors}",
  journal = {ArXiv e-prints},
archivePrefix = "arXiv",
   eprint = {1212.5575},
 primaryClass = "gr-qc",
 keywords = {General Relativity and Quantum Cosmology},
     year = 2012,
    month = dec,
   adsurl = {http://adsabs.harvard.edu/abs/2012arXiv1212.5575G},
  adsnote = {Provided by the SAO/NASA Astrophysics Data System}
}
@ARTICLE{TAKAHASHI_NAKAMURA,
   author = {{Takahashi}, R. and {Nakamura}, T.},
    title = "{Determination of the Equation of State of the Universe Using {\tilde} 0.1 Hz Gravitational Wave Detectors}",
  journal = {Progress of Theoretical Physics},
   eprint = {arXiv:astro-ph/0408547},
     year = 2005,
    month = jan,
   volume = 113,
    pages = {63-71},
      doi = {10.1143/PTP.113.63},
   adsurl = {http://adsabs.harvard.edu/abs/2005PThPh.113...63T},
  adsnote = {Provided by the SAO/NASA Astrophysics Data System}
}
@ARTICLE{2011PhRvD..83d4011Y,
   author = {{Yagi}, K. and {Seto}, N.},
    title = "{Detector configuration of DECIGO/BBO and identification of cosmological neutron-star binaries}",
  journal = {prd},
archivePrefix = "arXiv",
   eprint = {1101.3940},
 primaryClass = "astro-ph.CO",
 keywords = {Wave generation and sources},
     year = 2011,
    month = feb,
   volume = 83,
   number = 4,
      eid = {044011},
    pages = {044011},
      doi = {10.1103/PhysRevD.83.044011},
   adsurl = {http://adsabs.harvard.edu/abs/2011PhRvD..83d4011Y},
  adsnote = {Provided by the SAO/NASA Astrophysics Data System}
}
@ARTICLE{Sathyaprakash,
   author = {{Sathyaprakash}, B.~S. and {Schutz}, B.~F.},
    title = "{Physics, Astrophysics and Cosmology with Gravitational Waves}",
  journal = {Living Reviews in Relativity},
archivePrefix = "arXiv",
   eprint = {0903.0338},
 primaryClass = "gr-qc",
 keywords = {Gravitational waves, Gravitational wave sources, Gravitational wave detectors, Data analysis},
     year = 2009,
    month = mar,
   volume = 12,
    pages = {2},
   adsurl = {http://adsabs.harvard.edu/abs/2009LRR....12....2S},
  adsnote = {Provided by the SAO/NASA Astrophysics Data System}
}
@ARTICLE{VIRGOwebsite,
   author = {https://wwwcascina.virgo.infn.it/advirgo/},
 keywords = {AdV reference sensitivity curve 12 May 2010, see proposal VIR - 0337 A - 10},
     year = 2013,
    month = mar,
}
@ARTICLE{KAGRAwebsite,
   author = {http://gwcenter.icrr.u-tokyo.ac.jp/en/researcher/parameter},
 keywords = {},
     year = 2013,
    month = mar,
}













%Some interesting theory MUST REFERENCE
@ARTICLE{Phinney,
   author = {{Phinney}, E.~S.},
    title = "{A Practical Theorem on Gravitational Wave Backgrounds}",
  journal = {ArXiv Astrophysics e-prints},
   eprint = {arXiv:astro-ph/0108028},
     year = 2001,
    month = aug,
   adsurl = {http://adsabs.harvard.edu/abs/2001astro.ph..8028P},
  adsnote = {Provided by the SAO/NASA Astrophysics Data System}
}
%Most of the theory comes from here
@ARTICLE{FinnThorne,
   author = {{Finn}, L.~S. and {Thorne}, K.~S.},
    title = "{Gravitational waves from a compact star in a circular, inspiral orbit, in the equatorial plane of a massive, spinning black hole, as observed by LISA}",
  journal = {prd},
   eprint = {arXiv:gr-qc/0007074},
 keywords = {Wave generation and sources, Gravitational wave detectors and experiments, Black holes},
     year = 2000,
    month = dec,
   volume = 62,
   number = 12,
      eid = {124021},
    pages = {124021},
      doi = {10.1103/PhysRevD.62.124021},
   adsurl = {http://adsabs.harvard.edu/abs/2000PhRvD..62l4021F},
  adsnote = {Provided by the SAO/NASA Astrophysics Data System}
}





%SUPERNOVA THEORY
@ARTICLE{2002A&A...393..523D,
   author = {{Dimmelmeier}, H. and {Font}, J.~A. and {M{\"u}ller}, E.},
    title = "{Relativistic simulations of rotational core collapse II. Collapse dynamics and gravitational radiation}",
  journal = {aa},
   eprint = {arXiv:astro-ph/0204289},
 keywords = {gravitation, gravitational waves, hydrodynamics, stars: neutron, stars: rotation, stars: supernovae: general},
     year = 2002,
    month = oct,
   volume = 393,
    pages = {523-542},
      doi = {10.1051/0004-6361:20021053},
   adsurl = {http://adsabs.harvard.edu/abs/2002A%26A...393..523D},
  adsnote = {Provided by the SAO/NASA Astrophysics Data System}
}
%LIGO/Virgo/GEO/KAGRA Science
@INPROCEEDINGS{2013ASPC..467...59S,
   author = {{Sturani}, R.},
    title = "{LIGO/Virgo/GEO/KAGRA Science}",
booktitle = {9th LISA Symposium},
     year = 2013,
   series = {Astronomical Society of the Pacific Conference Series},
   volume = 467,
   editor = {{Auger}, G. and {Bin{\'e}truy}, P. and {Plagnol}, E.},
    month = jan,
    pages = {59},
   adsurl = {http://adsabs.harvard.edu/abs/2013ASPC..467...59S},
  adsnote = {Provided by the SAO/NASA Astrophysics Data System}
}
%NS-NS event rate
@ARTICLE{2011PrPNP..66..239A,
   author = {{Andersson}, N.},
    title = "{The road to gravitational-wave astronomy}",
  journal = {Progress in Particle and Nuclear Physics},
archivePrefix = "arXiv",
   eprint = {1012.1109},
 primaryClass = "astro-ph.CO",
     year = 2011,
    month = apr,
   volume = 66,
    pages = {239-248},
      doi = {10.1016/j.ppnp.2011.01.013},
   adsurl = {http://adsabs.harvard.edu/abs/2011PrPNP..66..239A},
  adsnote = {Provided by the SAO/NASA Astrophysics Data System}
}





%Dodgy reference
     @BOOK{Thorne,
	author = {{Thorne}, K.~S.},
	editor = {{Hawking}, S. and {Israel}, W.},
	title  = "{300 Years of Gravitation}",
	publisher = {Cambridge: Cambridge Univ. Press},
	year = 1987,
	pages = {330},
}

