%SesanaVecchioColacino
@article{Sesana2008,
archivePrefix = {arXiv},
arxivId = {0804.4476},
author = {Sesana, A. and Vecchio, A. and Colacino, C. N.},
doi = {10.1111/j.1365-2966.2008.13682.x},
eprint = {0804.4476},
issn = {00358711},
journal = {Mon.\ Not.\ R.\ Astron.\ Soc.},
month = oct,
number = {1},
pages = {192--209},
title = {{The stochastic gravitational-wave background from massive black hole binary systems: implications for observations with Pulsar Timing Arrays}},
urllink = {http://arxiv.org/abs/0804.4476},
volume = {390},
year = {2008}
}
%Haasteren EPTA limit
@article{VanHaasteren2011,
archivePrefix = {arXiv},
arxivId = {1103.0576},
author = {van Haasteren, R. and Levin, Y. and Janssen, G. H. and Lazaridis, K. and Kramer, M. and Stappers, B. W. and Desvignes, G. and Purver, M. B. and Lyne, A. G. and Ferdman, R. D. and Jessner, A. and Cognard, I. and Theureau, G. and D’Amico, N. and Possenti, A. and Burgay, M. and Corongiu, A. and Hessels, J. W. T. and Smits, R. and Verbiest, J. P. W.},
doi = {10.1111/j.1365-2966.2011.18613.x},
eprint = {1103.0576},
issn = {00358711},
journal = {Mon.\ Not.\ R.\ Astron.\ Soc.},
month = jul,
number = {4},
pages = {3117--3128},
title = {{Placing limits on the stochastic gravitational-wave background using European Pulsar Timing Array data}},
urllink = {http://mnras.oxfordjournals.org/cgi/doi/10.1111/j.1365-2966.2011.18613.x},
volume = {414},
year = {2011}
}
%Jenet
@article{Jenet2006,
archivePrefix = {arXiv},
arxivId = {astro-ph/0609013},
author = {Jenet, F. A. and Hobbs, G. B. and van Straten, W. and Manchester, R. N. and Bailes, M. and Verbiest, J. P. W. and Edwards, R. T. and Hotan, A. W. and Sarkissian, J. M. and Ord, S. M.},
doi = {10.1086/508702},
eprint = {0609013},
issn = {0004-637X},
journal = {Astrophys.\ J.},
keywords = {Gravitational Waves,Stars: Pulsars: General},
month = dec,
number = {2},
pages = {1571--1576},
primaryClass = {astro-ph},
title = {{Upper Bounds on the Low-Frequency Stochastic Gravitational Wave Background from Pulsar Timing Observations: Current Limits and Future Prospects}},
urllink = {http://adsabs.harvard.edu/abs/2006ApJ...653.1571J},
volume = {653},
year = {2006}
}
%IPTA mock data challenge 2013arXiv1301.6673V
@unpublished{VanHaasteren2013,
archivePrefix = {arXiv},
arxivId = {1301.6673},
author = {van Haasteren, Rutger and Mingarelli, Chiara M. F. and Vecchio, Alberto and Lassus, Antoine},
eprint = {1301.6673},
note = {arXiv:1301.6673},
month = jan,
pages = {10},
title = {{Analysis of the first IPTA Mock Data Challenge by the EPTA timing data analysis working group}},
urllink = {http://arxiv.org/abs/1301.6673},
year = {2013}
}
%PPTA
@article{Hobbs2013,
archivePrefix = {arXiv},
arxivId = {astro-ph/0412153},
author = {Hobbs, George},
doi = {10.1071/AS04063},
eprint = {0412153},
issn = {1323-3580},
journal = {P.\ Astron.\ Soc.\ Aust.},
keywords = {gravitational waves,pulsars: general},
language = {en},
month = mar,
number = {03},
pages = {179--183},
primaryClass = {astro-ph},
title = {{Pulsars and Gravitational Wave Detection}},
urllink = {http://adsabs.harvard.edu/abs/2005PASA...22..179H},
volume = {22},
year = {2013}
}
%NANOgrav
@article{Demorest2013,
archivePrefix = {arXiv},
arxivId = {1201.6641},
author = {Demorest, P. B. and Ferdman, R. D. and Gonzalez, M. E. and Nice, D. and Ransom, S. and Stairs, I. H. and Arzoumanian, Z. and Brazier, A. and Burke-Spolaor, S. and Chamberlin, S. J. and Cordes, J. M. and Ellis, J. and Finn, L. S. and Freire, P. and Giampanis, S. and Jenet, F. and Kaspi, V. M. and Lazio, J. and Lommen, A. N. and McLaughlin, M. and Palliyaguru, N. and Perrodin, D. and Shannon, R. M. and Siemens, X. and Stinebring, D. and Swiggum, J. and Zhu, W. W.},
doi = {10.1088/0004-637X/762/2/94},
eprint = {1201.6641},
issn = {0004-637X},
journal = {Astrophys.\ J.},
keywords = {gravitational waves,methods: data analysis,pulsars: general,pulsars: individual: J0030+0451 J0613-0200 J1012+5},
language = {en},
month = jan,
number = {2},
pages = {94},
title = {{Limits on the Stochastic Gravitational Wave Background from the North American Nanohertz Observatory for Gravitational Waves}},
urllink = {http://adsabs.harvard.edu/abs/2013ApJ...762...94D},
volume = {762},
year = {2013}
}
%HellingsDowns Famous paper on pulsar timing arrays
@article{Hellings1983,
author = {Hellings, R. W. and Downs, G. S.},
doi = {10.1086/183954},
issn = {0004-637X},
journal = {Astrophys.\ J.},
keywords = {BACKGROUND RADIATION,COSMOLOGY,DOPPLER EFFECT,GRAVITATION THEORY,GRAVITATIONAL WAVE ANTENNAS,GRAVITATIONAL WAVES,ISOTROPY,LIMITS (MATHEMATICS),PERTURBATION THEORY,POWER SPECTRA,PULSARS,SPECTRAL ENERGY DISTRIBUTION,STOCHASTIC PROCESSES,TIME MEASUREMENT},
month = feb,
number = {2},
pages = {L39--L42},
title = {{Upper limits on the isotropic gravitational radiation background from pulsar timing analysis}},
urllink = {http://adsabs.harvard.edu/abs/1983ApJ...265L..39H},
volume = {265},
year = {1983}
}
%imminentdetectionofgravitationalwaves Optimistic limit of stochastic background
@unpublished{McWilliams2012a,
archivePrefix = {arXiv},
arxivId = {1211.4590},
author = {McWilliams, Sean T. and Ostriker, Jeremiah P. and Pretorius, Frans},
eprint = {1211.4590},
month = nov,
note = {arXiv:1211.4590},
pages = {6},
title = {{The imminent detection of gravitational waves from massive black-hole binaries with pulsar timing arrays}},
urllink = {http://arxiv.org/abs/1211.4590},
year = {2012}
}
%NONimminentdetectionofgravitationalwaves Better version of same thing
@unpublished{Sesana2012a,
archivePrefix = {arXiv},
arxivId = {1211.5375},
author = {Sesana, A.},
eprint = {1211.5375},
month = nov,
note = {arXiv:1211.5375},
pages = {6},
title = {{Systematic investigation of the expected gravitational wave signal from supermassive black hole binaries in the pulsar timing band}},
urllink = {http://arxiv.org/abs/1211.5375},
year = {2012}
}
%BarackCutler
@article{Barack2004,
archivePrefix = {arXiv},
arxivId = {gr-qc/0310125},
author = {Barack, Leor and Cutler, Curt},
doi = {10.1103/PhysRevD.69.082005},
eprint = {0310125},
issn = {1550-7998},
journal = {Phys.\ Rev.\ {\textup{D}}},
keywords = {Astrophysics,General Relativity and Quantum Cosmology},
month = apr,
number = {8},
pages = {082005(24)},
primaryClass = {gr-qc},
title = {{LISA capture sources: Approximate waveforms, signal-to-noise ratios, and parameter estimation accuracy}},
urllink = {http://arxiv.org/abs/gr-qc/0310125},
volume = {69},
year = {2004}
}
%DoingScienceWitheLISA
@unpublished{Amaro-Seoane2012,
archivePrefix = {arXiv},
arxivId = {1201.3621},
author = {Amaro-Seoane, Pau and Aoudia, Sofiane and Babak, Stanislav and Bin\'{e}truy, Pierre and Berti, Emanuele and Boh\'{e}, Alejandro and Caprini, Chiara and Colpi, Monica and Cornish, Neil J. and Danzmann, Karsten and Dufaux, Jean-Fran\c{c}ois and Gair, Jonathan and Jennrich, Oliver and Jetzer, Philippe and Klein, Antoine and Lang, Ryan N. and Lobo, Alberto and Littenberg, Tyson and McWilliams, Sean T. and Nelemans, Gijs and Petiteau, Antoine and Porter, Edward K. and Schutz, Bernard F. and Sesana, Alberto and Stebbins, Robin and Sumner, Tim and Vallisneri, Michele and Vitale, Stefano and Volonteri, Marta and Ward, Henry},
eprint = {1201.3621},
keywords = {Cosmology and Extragalactic Astrophysics,Galaxy Astrophysics,General Relativity and Quantum Cosmology},
month = jan,
note = {arXiv:1201.3621},
title = {{eLISA: Astrophysics and cosmology in the millihertz regime}},
urllink = {http://arxiv.org/abs/1201.3621},
year = {2012}
}
%JohnsLivingReview Jon's Living review
@article{Gair2012a,
archivePrefix = {arXiv},
arxivId = {1212.5575},
author = {Gair, Jonathan R. and Vallisneri, Michele and Larson, Shane L. and Baker, John G.},
eprint = {1212.5575},
month = dec,
pages = {92},
title = {{Testing General Relativity with Low-Frequency, Space-Based Gravitational-Wave Detectors}},
urllink = {http://arxiv.org/abs/1212.5575},
year = {2012}
}
%TAKAHASHI_NAKAMURA,
@article{Takahashi2005,
archivePrefix = {arXiv},
arxivId = {astro-ph/0408547},
author = {Takahashi, Ryuichi and Nakamura, Takashi},
doi = {10.1143/PTP.113.63},
eprint = {0408547},
issn = {0033-068X},
journal = {Prog.\ Theor.\ Phys.},
language = {en},
month = jan,
number = {1},
pages = {63--71},
primaryClass = {astro-ph},
title = {{Determination of the Equation of State of the Universe Using $\sim$ 0.1 Hz Gravitational Wave Detectors}},
urllink = {http://adsabs.harvard.edu/abs/2005PThPh.113...63T},
volume = {113},
year = {2005}
}
%2011PhRvD..83d4011Y,
@article{Yagi2011a,
archivePrefix = {arXiv},
arxivId = {1101.3940},
author = {Yagi, Kent and Seto, Naoki},
doi = {10.1103/PhysRevD.83.044011},
eprint = {1101.3940},
issn = {1550-7998},
journal = {Phys.\ Rev.\ {\textup{D}}},
keywords = {Wave generation and sources},
language = {en},
month = feb,
number = {4},
pages = {044011},
title = {{Detector configuration of DECIGO/BBO and identification of cosmological neutron-star binaries}},
urllink = {http://adsabs.harvard.edu/abs/2011PhRvD..83d4011Y},
volume = {83},
year = {2011}
}
%Sathyaprakash
@article{Sathyaprakash2009,
archivePrefix = {arXiv},
arxivId = {0903.0338},
author = {Sathyaprakash, B.S. and Schutz, Bernard F.},
eprint = {0903.0338},
journal = {Living Rev.\ Relat.},
number = {2},
title = {{Physics, Astrophysics and Cosmology with Gravitational Waves}},
urllink = {http://www.livingreviews.org/lrr-2009-2/},
volume = {12},
year = {2009}
}
%Phinney Some interesting theory MUST REFERENCE
@unpublished{Phinney2001,
archivePrefix = {arXiv},
arxivId = {astro-ph/0108028},
author = {Phinney, E. S.},
eprint = {0108028},
journal = {},
month = aug,
note = {arXiv:astro-ph/0108028},
pages = {7},
primaryClass = {astro-ph},
title = {{A Practical Theorem on Gravitational Wave Backgrounds}},
urllink = {http://adsabs.harvard.edu/abs/2001astro.ph..8028P http://arxiv.org/abs/astro-ph/0108028},
year = {2001}
}
%FinnThorne Most of the theory comes from here
@article{Finn2000,
archivePrefix = {arXiv},
arxivId = {gr-qc/0007074},
author = {Finn, Lee and Thorne, Kip},
doi = {10.1103/PhysRevD.62.124021},
eprint = {0007074},
issn = {0556-2821},
journal = {Phys.\ Rev.\ {\textup{D}}},
month = nov,
number = {12},
pages = {124021},
primaryClass = {gr-qc},
title = {{Gravitational waves from a compact star in a circular, inspiral orbit, in the equatorial plane of a massive, spinning black hole, as observed by LISA}},
urllink = {http://arxiv.org/abs/gr-qc/0007074},
volume = {62},
year = {2000}
}
%2002A&A...393..523D SUPERNOVA THEORY
@article{Dimmelmeier2002,
archivePrefix = {arXiv},
arxivId = {astro-ph/0204289)},
author = {Dimmelmeier, H. and Font, J. A. and M{\"u}ller, E.},
doi = {10.1051/0004-6361:20021053},
eprint = {0204289)},
issn = {0004-6361},
journal = {Astron.\ Astrophys.},
keywords = {gravitation,gravitational waves,hydrodynamics,stars: neutron,stars: rotation,stars: supernovae: general},
month = oct,
number = {2},
pages = {523--542},
primaryClass = {astro-ph},
title = {{Relativistic simulations of rotational core collapse II. Collapse dynamics and gravitational radiation}},
urllink = {http://adsabs.harvard.edu/abs/2002A%26A...393..523D},
volume = {393},
year = {2002}
}
%2013ASPC..467...59S LIGO/Virgo/GEO/KAGRA Science
@inproceedings{Sturani2013,
abstract = {A network of ground based detectors of gravitational waves will start operating in their advanced phase in about three years from now. After briefly reviewing the scientific results which have been obtained in past observational activities by LIGO and Virgo, the foreseeable consequences of a detection of gravitational wave for astrophysics, cosmology and fundamental physics are presented.},
author = {Sturani, R.},
booktitle = {Astronomical Society of the Pacific Conference Series},
editor = {Auger, G. and Bin{\'e}truy, P. and Plagnol, E.},
isbn = {978-1-58381-816-9},
month = jan,
pages = {59--68},
publisher = {Astronomical Society of the Pacific},
title = {{LIGO/Virgo/GEO/KAGRA Science}},
urllink = {http://adsabs.harvard.edu/abs/2013ASPC..467...59S},
volume = {467},
year = {2013}
}
%2011PrPNP..66..239A NS-NS event rate
@article{Andersson2011,
archivePrefix = {arXiv},
arxivId = {1012.1109},
author = {Andersson, N.},
doi = {10.1016/j.ppnp.2011.01.013},
eprint = {1012.1109},
issn = {01466410},
journal = {Prog.\ Part.\ Nucl.\ Phys.},
language = {en},
month = apr,
number = {2},
pages = {239--248},
title = {{The road to gravitational-wave astronomy}},
urllink = {http://adsabs.harvard.edu/abs/2011PrPNP..66..239A},
volume = {66},
year = {2011}
}
%Nelemans
@article{Nelemans2001,
archivePrefix = {arXiv},
arxivId = {astro-ph/0105221},
author = {Nelemans, G. and Yungelson, L. R. and {Portegies Zwart}, S. F.},
doi = {10.1051/0004-6361:20010683},
eprint = {0105221},
isbn = {doi:10.1051/0004-6361:20010683},
issn = {0004-6361},
journal = {Astron.\ Astrophys.},
keywords = {BINARIES: CLOSE,GALAXY: STELLAR CONTENT,GRAVITATIONAL WAVES,STARS: STATISTICS},
language = {en},
month = sep,
number = {3},
pages = {890--898},
primaryClass = {astro-ph},
title = {{The gravitational wave signal from the Galactic disk population of binaries containing two compact objects}},
urllink = {http://adsabs.harvard.edu/abs/2001A%26A...375..890N},
volume = {375},
year = {2001}
}
%Thorne
@incollection{Thorne1987,
address = {Cambridge},
author = {Thorne, K. S.},
booktitle = {Three Hundred Years of Gravitation},
chapter = {9},
editor = {Hawking, Stephen W. and Israel, Werner},
isbn = {0521343127},
pages = {330--458},
publisher = {Cambridge University Press},
title = {{Gravitational Radiation}},
year = {1987}
}
